<?xml version="1.0" encoding="UTF-8"?><record xmlns="http://www.loc.gov/MARC21/slim" xmlns:cinclude="http://apache.org/cocoon/include/1.0" xmlns:zs="http://www.loc.gov/zing/srw/">
  <leader>00567nz  a2200157n  4500</leader>
  <controlfield tag="001">no2012101355</controlfield>
  <controlfield tag="003">DLC</controlfield>
  <controlfield tag="005">20120729074942.0</controlfield>
  <controlfield tag="008">120727n| acannaabn          |n aaa     c</controlfield>
  <datafield tag="010" ind1=" " ind2=" ">
    <subfield code="a">no2012101355</subfield>
  </datafield>
  <datafield tag="035" ind1=" " ind2=" ">
    <subfield code="a">(OCoLC)oca09261593</subfield>
  </datafield>
  <datafield tag="040" ind1=" " ind2=" ">
    <subfield code="a">TNJ</subfield>
    <subfield code="b">eng</subfield>
    <subfield code="c">TNJ</subfield>
  </datafield>
  <datafield tag="100" ind1="1" ind2=" ">
    <subfield code="a">Chapman, Edward Mortimer,</subfield>
    <subfield code="d">1862-1952</subfield>
  </datafield>
  <datafield tag="670" ind1=" " ind2=" ">
    <subfield code="a">The dynamic of Christianity, 1904:</subfield>
    <subfield code="b">t.p. (Edward Mortimer Chapman)</subfield>
  </datafield>
  <datafield tag="670" ind1=" " ind2=" ">
    <subfield code="a">OCLC, July 27, 2012</subfield>
    <subfield code="b">(hdgs.: Chapman, Edward Mortimer, 1862-1952; Chapman, Edward Mortimer, b. 1862)</subfield>
  </datafield>
  <datafield tag="667" ind1=" " ind2=" ">
    <subfield code="a">Cannot identify with: Chapman, Edward M. [no 00103002]</subfield>
  </datafield>
</record>